1914 3284
494 71 534 132 98

87 262 151 327 um,
159 245 206 313 iri
214 246 342 313 exarsit:
356 243 533 307 mandatum
545 240 629 306 dedit
637 239 754 324 Lysiae,
765 255 802 308 ut
812 243 918 312 tuda·

88 353 139 397 am
150 341 290 407 vastaret,
301 344 481 412 gentemque
495 329 667 392 universam
683 328 811 393 deleret.

129 419 240 502 Lysias
252 415 282 479 N
285 416 438 478 icandrem
450 429 480 477 et
491 413 641 496 Gorgiam
654 413 800 478 adversim
811 415 917 482 Juda-

87 524 122 568 οε
132 503 222 580 misit,
232 501 342 585 quibus
353 498 437 564 dedit
445 500 648 583 quadraginta
656 499 794 582 peditum
806 516 838 566 et
850 525 916 590 sep·

86 603 147 654 tem
155 589 289 670 equitum
302 586 412 649 millia:
423 586 561 649 hicastra
571 599 739 668 posuerunt
748 608 813 651 non
825 587 916 675 longi

87 674 126 738 ab
140 675 216 736 urbe
227 671 455 756 Hierosolymis.

127 758 237 839 Jt'rdas,
248 762 334 843 cujus
347 779 414 842 spes
426 759 523 820 omnis
534 758 565 819 in
577 758 648 821 Deo
659 757 759 842 posita
769 772 846 838 erat,
857 778 917 827 nun
950 818 954 827 .

85 841 236 907 dubitavit
250 868 321 909 cum
335 844 432 907 tribus
447 843 602 905 hominum
618 842 753 907 millibus
774 845 916 929 praelium

84 931 283 995 committere.
335 930 417 995 Tam
437 929 549 1012 exigui
571 941 664 992 manu
685 931 791 1016 copias
816 933 918 1018 regias
950 954 953 961 ·

84 1018 258 1100 prostravit,
273 1032 304 1084 et
314 1017 430 1100 ingenti
444 1014 553 1100 praedi
567 1016 683 1098 potitus
698 1030 753 1080 est.

214 1197 284 1257 197.
310 1152 787 1283 &aasennquisieddylndua
889 1154 912 1217 ῃ·

129 1367 209 1434 Haec
220 1369 323 1435 clades
336 1371 481 1435 nunciita
491 1383 536 1433 est
546 1369 663 1452 Lysiae,
676 1367 728 1449 qni
740 1366 917 1440 existimans

55 1508 57 1512 .
84 1453 118 1520 id
131 1455 223 1541 culpi
237 1458 454 1542 imperatdrum
464 1454 620 1530 accidisse,
636 1452 739 1515 statuit
750 1453 815 1538 ipse
828 1477 917 1523 exer·

83 1541 177 1602 citum
191 1542 312 1604 ducere.
356 1542 450 1604 Vemt
462 1552 556 1621 rgrtur
566 1538 597 1600 in
612 1536 754 1602 Jndaeam
765 1558 836 1603 cum
847 1563 917 1608 sex.

82 1624 187 1706 aginta
219 1625 498 1706 uinquehominnm
513 1620 659 1687 millibus.

124 1706 216 1772 Habe
239 1722 270 1771 at
278 1709 375 1772 Judas
385 1711 492 1774 decem
501 1707 618 1774 tautum
628 1709 725 1775 millia
733 1712 918 1796 hominum

80 1804 182 1857 tamen
205 1795 348 1859 adversus
370 1795 501 1878 Lysiam
522 1796 682 1882 processit,
705 1810 746 1875 et,
768 1798 931 1865 invoeatu'

80 1879 163 1964 prius
175 1880 279 1944 divino
290 1880 414 1960 auxilio,
429 1900 500 1947 cnm
515 1883 601 1946 hoste
615 1883 760 1946 condixit.

123 1964 268 2051 Quinque
290 1968 447 2030 hominum
469 1968 567 2032 millia
589 1969 627 2032 de
647 1969 781 2031 exercitu
804 1967 912 2051 Lysiae

82 2053 203 2153 cecidit,
217 2053 350 2138 reliquos
360 2053 438 2118 aden
452 2053 623 2141 perterruit,
635 2066 669 2117 nt
682 2053 714 2116 in
723 2053 829 2137 sugam
842 2075 913 2118 ver·

80 2157 106 2201 ss
121 2139 190 2202 sint.
417 2159 419 2162 ⁴

81 2316 151 2377 res.
174 2314 587 2404 Jaarptafimuumpa
601 2285 847 2385 annianum
859 2314 909 2380 ‹u-

328 2403 410 2489 fiied
419 2403 455 2488 ty
471 2401 657 2487 tiernfidels.
782 2417 784 2424 '

120 2573 221 2640 Pulsis
232 2575 379 2656 hostibuS,
391 2579 488 2642 Jr'rdas
500 2577 684 2641 restituendo
697 2575 791 2640 cultui
803 2576 907 2641 divino

75 2660 211 2725 animum
227 2663 375 2726 intendit:
397 2664 487 2727 rediit
508 2663 650 2726 victorin
667 2665 771 2726 urbem
795 2661 908 2728 Hiero·

74 2742 234 2827 solymam,
249 2768 320 2832 quae
330 2747 445 2814 faedam
458 2746 506 2814 sui
516 2748 647 2838 wiern
660 2749 831 2823 :taedebat
