1914 3284
472 9 514 72 73

69 244 142 305 148.
167 239 218 304 He
227 262 397 326 perseveres
412 243 505 305 iollae
515 246 648 328 practice
661 246 766 330 estleia
778 210 853 336 iiuty
863 270 897 314 α·

241 329 344 412 gainet
360 328 407 390 sie
422 329 533 411 milles
541 331 587 392 leis
593 332 728 414 friends.

108 494 172 561 Die
187 500 320 579 quodam
332 499 420 576 sesto,
436 497 529 581 quim
541 500 623 565 domi
635 500 749 567 lantum
761 505 896 570 convivi·

64 595 117 640 um
132 589 311 666 paravisset,
328 587 409 647 misit
423 586 519 649 filium
535 599 567 648 ut
583 589 700 672 aliquot
714 591 732 655 ὲ
748 591 837 656 sociis
856 591 897 657 ati

65 670 227 748 prandium
240 671 390 735 invitaret.

108 756 262 820 Reversus
276 757 355 820 tilius
373 756 527 820 nonciavit
538 759 616 840 patri
633 760 786 826 hominem
798 767 897 830 lsrae-

65 840 151 905 litam
160 847 268 927 jacere
280 845 310 905 in
323 845 391 907 soro
403 861 568 907 mortuum.

106 927 264 1000 Exsiliens,
277 929 378 993 statim
394 929 523 1008 Tobiae,
543 931 676 995 cadaver
690 935 810 1001 occulte
823 956 895 1020 por·

65 1016 141 1077 tavit
153 1015 289 1092 domum,
304 1015 424 1079 utillud
438 1031 527 1080 nocte
542 1018 691 1100 sepeliret.
936 1089 939 1093 ,

105 1101 164 1165 Sui
181 1100 267 1162 illum
279 1103 369 1162 amici
386 1102 424 1163 ab
441 1102 499 1162 hoc
524 1103 628 1164 officio
643 1105 893 1172 dehortabantur.

63 1199 95 1251 at
104 1186 227 1250 Tobiae
237 1189 337 1268 magis
346 1187 449 1250 Deum
461 1186 551 1267 qu'am
561 1200 665 1269 regem
677 1192 795 1270 timens,
806 1193 838 1255 id
849 1192 895 1256 sa·

61 1292 133 1337 cere
145 1293 207 1334 non
224 1272 348 1335 destitit.

46 1504 48 1507 ,
64 1450 138 1512 149.
168 1447 252 1510 Tobet
266 1448 394 1511 becomes
417 1445 509 1523 blind,
528 1446 592 1510 ond
611 1447 717 1532 suffers
733 1449 791 1513 tisis
806 1451 896 1535 affin

330 1535 392 1596 lion
408 1534 478 1596 wille
491 1535 636 1620 patience.

103 1711 224 1778 Tobiae
238 1711 269 1773 in
283 1709 461 1794 praestando
476 1709 567 1771 solito
581 1709 684 1772 officio
698 1711 892 1794 defatigatus,

57 1797 201 1863 incubuit
213 1797 321 1880 parieti
333 1811 363 1860 et
375 1795 560 1860 obdormivit
569 1794 647 1859 fortia
659 1818 696 1858 ex
707 1797 780 1859 nido
790 1799 895 1862 hiron·

58 1886 168 1951 dinum
183 1896 319 1947 stercora
339 1882 441 1945 calida
456 1880 628 1945 inciderunt
648 1882 680 1945 in
700 1881 807 1946 oculos
821 1885 893 1947 dor·
934 1904 936 1907 ’

58 1971 182 2035 miontis
197 1970 277 2032 unde
289 1989 391 2032 coecus
406 1968 569 2032 incensent.
883 2000 886 2004 ·

103 2055 208 2132 Quam
223 2056 426 2119 calamitatem
441 2054 511 2118 idei)
521 2053 656 2137 permisit
671 2053 756 2118 Dens
767 2053 811 2116 illi
823 2072 893 2116 eve·

57 2151 136 2219 nire,
154 2155 189 2204 nt
201 2155 280 2205 esset
289 2141 406 2202 illustre
415 2140 570 2223 patientiae
580 2139 896 2223 exemplumposteris·

57 2228 252 2347 propositum
266 2228 306 2290 ad
317 2226 505 2290 imitandum.

104 2312 190 2378 itam
203 2313 322 2377 Tobiae
337 2309 415 2374 adeo
423 2313 573 2394 patienter
585 2308 656 2374 tulit
670 2310 891 2388 eaecitatem-nt

58 2419 159 2483 neque
174 2399 259 2463 illum
271 2411 445 2481 querentem
465 2397 624 2478 quisquam
641 2396 772 2462 audierit
790 2415 898 2484 nequa

60 2483 114 2550 ille
128 2485 167 2550 eo
178 2484 277 2549 ruinis
291 2496 464 2549 constanter
475 2482 578 2547 Deum
588 2481 728 2548 colueris.
757 2502 759 2504 ’

419 2610 421 2613 -
463 2587 484 2633 o
