1914 3284
460 102 592 208 oe*

105 311 215 387 Quiris
229 330 368 394 egressus
382 334 453 378 cum
478 313 540 377 suis
555 313 606 396 qui
621 314 652 377 in
666 314 769 378 officio
784 328 887 379 mooe-

58 397 148 476 bant,
163 399 336 462 conscendit
359 414 493 462 montem
517 399 677 464 Olivirum
698 401 783 479 flens,
798 399 889 466 nudis

58 483 190 566 pedibus
204 496 233 546 et
247 498 355 567 operto
370 485 480 568 capite.
734 503 736 508 ·
892 506 896 514 ·

140 657 210 718 181.
238 653 299 716 Tlee
314 654 477 718 admirable
487 656 623 740 patience
639 654 678 732 of
686 655 802 719 David.

102 822 247 908 Fugienti
262 826 394 889 occurrit
407 827 455 890 vir
469 835 592 911 quidam
611 826 637 889 ὲ.
652 847 761 911 genere
778 825 889 906 Saulis,

57 913 181 974 nomine
198 913 314 995 Semei2
323 911 375 994 qui
387 913 481 996 coepit
495 913 648 978 Davidem
659 915 784 996 ejusque
795 914 889 978 comi-

60 1008 109 1059 tes
125 998 294 1061 maledictis
309 1012 338 1060 et
354 997 505 1082 lapidibus
521 1013 673 1083 oppetere.

101 1080 200 1156 Quod
215 1083 260 1144 illi
275 1084 399 1164 indigni
416 1083 542 1147 ferentes
557 1083 703 1148 volebant
718 1083 821 1148 ulcisci
844 1085 891 1147 in·

52 1166 182 1250 Juriam,
197 1179 228 1229 et
242 1167 382 1228 maledici
392 1170 603 1232 conviciatoris
618 1185 711 1254 caput
721 1184 890 1254 amputare.

101 1253 147 1316 At
168 1251 273 1315 David
294 1271 346 1314 eos
369 1252 526 1314 cohibuit:
548 1254 651 1330 Sinite,
672 1258 780 1337 inquit,
802 1257 892 1316 letum

41 1336 133 1402 ‘milti
140 1337 316 1405 maledicere
328 1336 485 1420 :forsitan
496 1337 579 1398 Deus
591 1337 638 1397 tir
647 1361 708 1438 quo
714 1341 818 1423 patior
827 1345 892 1400 ma·

58 1421 98 1484 lie
106 1423 247 1507 placatus
262 1419 320 1484 mei
345 1421 540 1496 miserebitur,
560 1429 587 1480 et
601 1439 663 1484 rem
676 1424 815 1504 efflicltun
830 1441 891 1482 res·

59 1507 157 1570 liluel.
245 1555 248 1559 .
324 1563 326 1567 ,

101 1590 314 1657 Incredibilem
326 1592 409 1674 regis
419 1591 596 1675 patientiam
612 1592 751 1657 admirati
766 1591 891 1671 comites

58 1675 142 1741 (licto
156 1676 240 1759 aegrb
251 1685 430 1762 paruerunt.
829 1677 830 1680 ’

62 1850 134 1911 132.
159 1848 267 1913 David
278 1847 435 1911 assemblet
448 1866 489 1908 an
500 1866 587 1939 army
598 1850 720 1931 against
735 1849 887 1915 Abralom.
925 1922 927 1931 s

102 2019 398 2105 Absnlon2prolecto
413 2030 510 2102 putre,
521 2016 675 2100 ingressus
686 2032 731 2084 est
742 2018 890 2084 Hieroso·

59 2100 185 2185 lymam,
207 2106 308 2188 ibique
324 2104 499 2188 aliquandiu
514 2111 648 2168 moritus
669 2119 735 2184 cst3
758 2125 828 2186 quae
843 2122 890 2164 res

60 2188 148 2253 salnti
173 2192 230 2253 suit
251 2191 384 2254 Davidi:
405 2211 476 2258 nam
499 2189 618 2251 iuterim
642 2189 746 2252 David
765 2186 891 2268 collegit

58 2276 175 2357 copias,
188 2290 281 2358 seque
295 2277 335 2338 ad
349 2275 462 2337 bellurn
479 2272 677 2356 comparavit.

105 2359 175 2423 Jam
197 2364 303 2425 aderat
318 2360 453 2435 Absalon
466 2378 535 2420 cum
551 2356 694 2433 exercitu,
706 2370 736 2420 et
750 2357 891 2441 praelium

59 2465 131 2510 mox
145 2460 211 2510 eret
221 2444 493 2510 committendum:
516 2448 678 2506 suaserunt
694 2443 761 2526 regi
777 2443 823 2505 sui
839 2460 891 2507 co·

58 2530 146 2593 mites
162 2545 246 2596 utne
261 2531 416 2594 interesset
426 2527 593 2592 certamini.

101 2613 298 2702 Quapropter
308 2613 553 2680 DavidJoebum
565 2614 625 2678 suis
635 2635 675 2679 co
697 2611 891 2696 iispraelecit,

58 2703 154 2787 seque
167 2703 200 2768 in
210 2703 318 2768 urbem
333 2702 464 2769 vicinam
478 2700 617 2852 {ontulit
692 2697 776 2764 biens
790 2712 892 2767 autem

448 2805 468 2852 ΙΙ
