<?xml version="1.0" encoding="UTF-8"?>
<!DOCTYPE html PUBLIC "-//W3C//DTD XHTML 1.0 Transitional//EN"
    "http://www.w3.org/TR/xhtml1/DTD/xhtml1-transitional.dtd">
<html xmlns="http://www.w3.org/1999/xhtml" xml:lang="en" lang="en">
 <head>
  <title>
</title>
<meta http-equiv="Content-Type" content="text/html;charset=utf-8" />
  <meta name='ocr-system' content='tesseract 3.04.00' />
  <meta name='ocr-capabilities' content='ocr_page ocr_carea ocr_par ocr_line ocrx_word'/>
</head>
<body>
  <div class='ocr_page' id='page_1' title='image "./epitomehistoris00lhogoog_0088.png"; bbox 0 0 1914 3284; ppageno 0'>
   <div class='ocr_carea' id='block_1_1' title="bbox 451 161 493 221">
    <p class='ocr_par' dir='ltr' id='par_1_1' title="bbox 451 161 493 221">
     <span class='ocr_line' id='line_1_1' title="bbox 451 161 493 221; baseline -0.071 0"><span class='ocrx_word' id='word_1_1' title='bbox 451 161 493 221; x_wconf 73' lang='grc'><strong>00</strong></span> 
     </span>
    </p>
   </div>
   <div class='ocr_carea' id='block_1_2' title="bbox 63 313 896 752">
    <p class='ocr_par' dir='ltr' id='par_1_2' title="bbox 63 313 896 752">
     <span class='ocr_line' id='line_1_2' title="bbox 107 313 894 406; baseline -0.022 -9"><span class='ocrx_word' id='word_1_2' title='bbox 107 331 143 398; x_wconf 87' lang='lat' dir='ltr'><strong>ln</strong></span> <span class='ocrx_word' id='word_1_3' title='bbox 154 333 259 394; x_wconf 84' lang='lat' dir='ltr'><strong>ltlnere</strong></span> <span class='ocrx_word' id='word_1_4' title='bbox 275 324 350 388; x_wconf 84' lang='lat' dir='ltr'>dixit</span> <span class='ocrx_word' id='word_1_5' title='bbox 364 322 409 387; x_wconf 89' lang='lat' dir='ltr'><strong>illi</strong></span> <span class='ocrx_word' id='word_1_6' title='bbox 423 320 581 406; x_wconf 81' lang='lat' dir='ltr'><strong>Angelus:</strong></span> <span class='ocrx_word' id='word_1_7' title='bbox 603 317 712 380; x_wconf 75' lang='lat' dir='ltr'><strong>Statim</strong></span> <span class='ocrx_word' id='word_1_8' title='bbox 727 324 760 379; x_wconf 85' lang='lat' dir='ltr'><strong>ut</strong></span> <span class='ocrx_word' id='word_1_9' title='bbox 775 313 894 380; x_wconf 79' lang='lat' dir='ltr'><strong>domum</strong></span> 
     </span>
     <span class='ocr_line' id='line_1_3' title="bbox 63 400 895 501; baseline -0.019 -21"><span class='ocrx_word' id='word_1_10' title='bbox 63 417 216 501; x_wconf 73' lang='lat' dir='ltr'><strong>ingressus</strong></span> <span class='ocrx_word' id='word_1_11' title='bbox 228 411 340 495; x_wconf 80' lang='lat' dir='ltr'><strong>fucris,</strong></span> <span class='ocrx_word' id='word_1_12' title='bbox 364 409 463 471; x_wconf 80' lang='lat' dir='ltr'><strong>Deum</strong></span> <span class='ocrx_word' id='word_1_13' title='bbox 477 407 592 484; x_wconf 75' lang='lat' dir='ltr'><strong>adura3</strong></span> <span class='ocrx_word' id='word_1_14' title='bbox 615 417 642 462; x_wconf 82' lang='lat' dir='ltr'><strong>ct</strong></span> <span class='ocrx_word' id='word_1_15' title='bbox 657 423 721 462; x_wconf 83' lang='lat' dir='ltr'><strong>com</strong></span> <span class='ocrx_word' id='word_1_16' title='bbox 742 400 828 464; x_wconf 78' lang='lat' dir='ltr'><strong>lacus</strong></span> <span class='ocrx_word' id='word_1_17' title='bbox 837 423 895 488; x_wconf 80' lang='lat' dir='ltr'><strong>pn·</strong></span> 
     </span>
     <span class='ocr_line' id='line_1_4' title="bbox 64 487 896 578; baseline -0.022 -11"><span class='ocrx_word' id='word_1_18' title='bbox 64 511 139 566; x_wconf 77' lang='lat' dir='ltr'><strong>trem</strong></span> <span class='ocrx_word' id='word_1_19' title='bbox 154 498 210 559; x_wconf 79' lang='lat' dir='ltr'><strong>lini</strong></span> <span class='ocrx_word' id='word_1_20' title='bbox 233 494 331 557; x_wconf 77' lang='lat' dir='ltr'><strong>oculor</strong></span> <span class='ocrx_word' id='word_1_21' title='bbox 357 495 419 578; x_wconf 66' lang='lat' dir='ltr'><strong>&amp;jur</strong></span> <span class='ocrx_word' id='word_1_22' title='bbox 436 490 514 578; x_wconf 82' lang='lat' dir='ltr'><strong>selle</strong></span> <span class='ocrx_word' id='word_1_23' title='bbox 529 488 633 575; x_wconf 82' lang='lat' dir='ltr'><strong>piscis,</strong></span> <span class='ocrx_word' id='word_1_24' title='bbox 648 507 703 570; x_wconf 85' lang='lat' dir='ltr'><strong>quo</strong></span> <span class='ocrx_word' id='word_1_25' title='bbox 742 487 872 551; x_wconf 81' lang='lat' dir='ltr'><strong>scrccrtr&#39;</strong></span> <span class='ocrx_word' id='word_1_26' title='bbox 882 508 896 569; x_wconf 88' lang='lat'><strong>‚·</strong></span> 
     </span>
     <span class='ocr_line' id='line_1_5' title="bbox 65 570 896 662; baseline -0.016 -14"><span class='ocrx_word' id='word_1_27' title='bbox 65 580 326 649; x_wconf 81' lang='lat' dir='ltr'><strong>tunccuuuluutur</strong></span> <span class='ocrx_word' id='word_1_28' title='bbox 336 579 413 641; x_wconf 84' lang='lat' dir='ltr'><strong>oculi</strong></span> <span class='ocrx_word' id='word_1_29' title='bbox 423 579 496 662; x_wconf 72' lang='lat' dir='ltr'><strong>ejus,</strong></span> <span class='ocrx_word' id='word_1_30' title='bbox 506 586 588 661; x_wconf 69' lang='lat' dir='ltr'><strong>taqua</strong></span> <span class='ocrx_word' id='word_1_31' title='bbox 601 582 628 634; x_wconf 86' lang='lat' dir='ltr'><strong>ct</strong></span> <span class='ocrx_word' id='word_1_32' title='bbox 638 570 740 635; x_wconf 84' lang='lat' dir='ltr'><strong>calum</strong></span> <span class='ocrx_word' id='word_1_33' title='bbox 748 582 838 648; x_wconf 78' lang='lat' dir='ltr'><strong>puter</strong></span> <span class='ocrx_word' id='word_1_34' title='bbox 848 572 896 635; x_wconf 78' lang='lat' dir='ltr'><strong>la·</strong></span> 
     </span>
     <span class='ocr_line' id='line_1_6' title="bbox 65 664 290 752; baseline -0.022 -19"><span class='ocrx_word' id='word_1_35' title='bbox 65 680 112 733; x_wconf 84' lang='lat' dir='ltr'><strong>tur</strong></span> <span class='ocrx_word' id='word_1_36' title='bbox 123 664 290 752; x_wconf 74' lang='lat' dir='ltr'><strong><em>conspiciet.</em></strong></span> 
     </span>
    </p>
   </div>
   <div class='ocr_carea' id='block_1_3' title="bbox 277 829 681 912">
    <p class='ocr_par' dir='ltr' id='par_1_3' title="bbox 277 829 681 912">
     <span class='ocr_line' id='line_1_7' title="bbox 277 829 681 912; baseline -0.01 -15"><span class='ocrx_word' id='word_1_37' title='bbox 277 838 349 898; x_wconf 76' lang='lat' dir='ltr'><strong>icc.</strong></span> <span class='ocrx_word' id='word_1_38' title='bbox 374 833 500 896; x_wconf 69' lang='lat' dir='ltr'><strong>aruval</strong></span> <span class='ocrx_word' id='word_1_39' title='bbox 513 829 681 912; x_wconf 60' lang='lat' dir='ltr'><strong>assuas.</strong></span> 
     </span>
    </p>
   </div>
   <div class='ocr_carea' id='block_1_4' title="bbox 66 1000 904 1945">
    <p class='ocr_par' dir='ltr' id='par_1_4' title="bbox 66 1000 901 1346">
     <span class='ocr_line' id='line_1_8' title="bbox 108 1000 898 1087; baseline -0.005 -18"><span class='ocrx_word' id='word_1_40' title='bbox 108 1000 193 1069; x_wconf 88' lang='lat' dir='ltr'><strong>Dum</strong></span> <span class='ocrx_word' id='word_1_41' title='bbox 208 1004 328 1070; x_wconf 85' lang='lat' dir='ltr'><strong>Tobias</strong></span> <span class='ocrx_word' id='word_1_42' title='bbox 344 1007 411 1068; x_wconf 90' lang='lat' dir='ltr'><strong>urbi</strong></span> <span class='ocrx_word' id='word_1_43' title='bbox 428 1002 696 1087; x_wconf 70' lang='lat' dir='ltr'><strong>appropinquaret·</strong></span> <span class='ocrx_word' id='word_1_44' title='bbox 709 1008 804 1066; x_wconf 74' lang='lat' dir='ltr'><strong>rnr&#39;rter</strong></span> <span class='ocrx_word' id='word_1_45' title='bbox 817 1001 898 1084; x_wconf 72' lang='lat' dir='ltr'><strong>ejus,</strong></span> 
     </span>
     <span class='ocr_line' id='line_1_9' title="bbox 66 1088 900 1172; baseline -0.01 -16"><span class='ocrx_word' id='word_1_46' title='bbox 66 1103 100 1156; x_wconf 86' lang='lat' dir='ltr'><strong>ut</strong></span> <span class='ocrx_word' id='word_1_47' title='bbox 114 1089 241 1168; x_wconf 79' lang='lat' dir='ltr'><strong>solebat,</strong></span> <span class='ocrx_word' id='word_1_48' title='bbox 257 1091 288 1151; x_wconf 89' lang='lat' dir='ltr'><strong>in</strong></span> <span class='ocrx_word' id='word_1_49' title='bbox 309 1091 421 1155; x_wconf 89' lang='lat' dir='ltr'><strong>vertice</strong></span> <span class='ocrx_word' id='word_1_50' title='bbox 441 1089 551 1152; x_wconf 89' lang='lat' dir='ltr'><strong>montis</strong></span> <span class='ocrx_word' id='word_1_51' title='bbox 565 1090 702 1168; x_wconf 75' lang='lat' dir='ltr'><strong>sedebat,</strong></span> <span class='ocrx_word' id='word_1_52' title='bbox 717 1088 797 1153; x_wconf 69' lang='lat' dir='ltr'><strong>unde</strong></span> <span class='ocrx_word' id='word_1_53' title='bbox 812 1107 900 1172; x_wconf 84' lang='lat' dir='ltr'><strong>pros·</strong></span> 
     </span>
     <span class='ocr_line' id='line_1_10' title="bbox 67 1174 901 1262; baseline 0 -25"><span class='ocrx_word' id='word_1_54' title='bbox 67 1175 169 1262; x_wconf 83' lang='lat' dir='ltr'><strong>picere</strong></span> <span class='ocrx_word' id='word_1_55' title='bbox 186 1175 217 1236; x_wconf 90' lang='lat' dir='ltr'><strong>in</strong></span> <span class='ocrx_word' id='word_1_56' title='bbox 233 1174 434 1260; x_wconf 89' lang='lat' dir='ltr'><strong>longinquum</strong></span> <span class='ocrx_word' id='word_1_57' title='bbox 450 1189 574 1260; x_wconf 88' lang='lat' dir='ltr'><strong>posset;</strong></span> <span class='ocrx_word' id='word_1_58' title='bbox 595 1175 672 1238; x_wconf 89' lang='lat' dir='ltr'><strong>vidit</strong></span> <span class='ocrx_word' id='word_1_59' title='bbox 694 1176 779 1239; x_wconf 89' lang='lat' dir='ltr'><strong>illum</strong></span> <span class='ocrx_word' id='word_1_60' title='bbox 793 1174 901 1261; x_wconf 79' lang='lat' dir='ltr'><strong>procul</strong></span> 
     </span>
     <span class='ocr_line' id='line_1_11' title="bbox 68 1261 776 1346; baseline 0 -21"><span class='ocrx_word' id='word_1_61' title='bbox 68 1263 248 1338; x_wconf 87' lang='lat' dir='ltr'><strong>venientem,</strong></span> <span class='ocrx_word' id='word_1_62' title='bbox 264 1281 447 1346; x_wconf 85' lang='lat' dir='ltr'>currensque</span> <span class='ocrx_word' id='word_1_63' title='bbox 463 1261 618 1326; x_wconf 81' lang='lat' dir='ltr'>nunciavit</span> <span class='ocrx_word' id='word_1_64' title='bbox 632 1261 699 1322; x_wconf 91' lang='lat' dir='ltr'><strong>viro</strong></span> <span class='ocrx_word' id='word_1_65' title='bbox 712 1283 776 1325; x_wconf 85' lang='lat' dir='ltr'><strong>suo.</strong></span> 
     </span>
    </p>

    <p class='ocr_par' dir='ltr' id='par_1_5' title="bbox 69 1345 901 1582">
     <span class='ocr_line' id='line_1_12' title="bbox 111 1345 900 1431; baseline -0.006 -20"><span class='ocrx_word' id='word_1_66' title='bbox 111 1347 202 1411; x_wconf 88' lang='lat' dir='ltr'><strong>Tunc</strong></span> <span class='ocrx_word' id='word_1_67' title='bbox 217 1348 312 1427; x_wconf 89' lang='lat' dir='ltr'><strong>canis,</strong></span> <span class='ocrx_word' id='word_1_68' title='bbox 324 1351 376 1431; x_wconf 91' lang='lat' dir='ltr'><strong>qui</strong></span> <span class='ocrx_word' id='word_1_69' title='bbox 393 1350 482 1411; x_wconf 88' lang='lat' dir='ltr'><strong>simul</strong></span> <span class='ocrx_word' id='word_1_70' title='bbox 494 1349 592 1411; x_wconf 83' lang='lat' dir='ltr'><strong>luerat</strong></span> <span class='ocrx_word' id='word_1_71' title='bbox 607 1347 637 1406; x_wconf 91' lang='lat' dir='ltr'><strong>in</strong></span> <span class='ocrx_word' id='word_1_72' title='bbox 654 1345 711 1421; x_wconf 78' lang='lat' dir='ltr'><strong>vit,</strong></span> <span class='ocrx_word' id='word_1_73' title='bbox 723 1365 900 1428; x_wconf 83' lang='lat' dir='ltr'><strong>praecucur-</strong></span> 
     </span>
     <span class='ocr_line' id='line_1_13' title="bbox 69 1428 901 1522; baseline -0.004 -27"><span class='ocrx_word' id='word_1_74' title='bbox 69 1434 111 1497; x_wconf 87' lang='lat' dir='ltr'><strong>rit</strong></span> <span class='ocrx_word' id='word_1_75' title='bbox 135 1447 166 1496; x_wconf 87' lang='lat' dir='ltr'><strong>et</strong></span> <span class='ocrx_word' id='word_1_76' title='bbox 191 1433 276 1513; x_wconf 88' lang='lat' dir='ltr'><strong>quasi</strong></span> <span class='ocrx_word' id='word_1_77' title='bbox 303 1437 430 1522; x_wconf 78' lang='lat' dir='ltr'><strong>nuncius</strong></span> <span class='ocrx_word' id='word_1_78' title='bbox 452 1432 613 1496; x_wconf 89' lang='lat' dir='ltr'><strong>adveniens</strong></span> <span class='ocrx_word' id='word_1_79' title='bbox 636 1430 736 1491; x_wconf 71' lang='lat' dir='ltr'><strong>caudi</strong></span> <span class='ocrx_word' id='word_1_80' title='bbox 750 1431 805 1493; x_wconf 74' lang='lat' dir='ltr'><strong>sui</strong></span> <span class='ocrx_word' id='word_1_81' title='bbox 824 1428 901 1492; x_wconf 87' lang='lat' dir='ltr'><strong>hero</strong></span> 
     </span>
     <span class='ocr_line' id='line_1_14' title="bbox 70 1517 266 1582; baseline -0.01 -2"><span class='ocrx_word' id='word_1_82' title='bbox 70 1517 266 1582; x_wconf 70' lang='lat' dir='ltr'><strong>adulabatur.</strong></span> 
     </span>
    </p>

    <p class='ocr_par' dir='ltr' id='par_1_6' title="bbox 68 1599 904 1945">
     <span class='ocr_line' id='line_1_15' title="bbox 113 1599 903 1683; baseline 0.001 -21"><span class='ocrx_word' id='word_1_83' title='bbox 113 1599 281 1662; x_wconf 79' lang='lat' dir='ltr'><strong>Confestim</strong></span> <span class='ocrx_word' id='word_1_84' title='bbox 305 1615 392 1683; x_wconf 87' lang='lat' dir='ltr'><strong>pater</strong></span> <span class='ocrx_word' id='word_1_85' title='bbox 418 1617 603 1680; x_wconf 81' lang='lat' dir='ltr'><strong>consurgens</strong></span> <span class='ocrx_word' id='word_1_86' title='bbox 626 1599 721 1680; x_wconf 90' lang='lat' dir='ltr'><strong>coepit</strong></span> <span class='ocrx_word' id='word_1_87' title='bbox 745 1599 903 1664; x_wconf 79' lang='lat' dir='ltr'><strong>offendens</strong></span> 
     </span>
     <span class='ocr_line' id='line_1_16' title="bbox 68 1683 904 1770; baseline 0.004 -24"><span class='ocrx_word' id='word_1_88' title='bbox 68 1683 198 1769; x_wconf 84' lang='lat' dir='ltr'><strong>pedibus</strong></span> <span class='ocrx_word' id='word_1_89' title='bbox 213 1704 343 1762; x_wconf 87' lang='lat' dir='ltr'><strong>currere,</strong></span> <span class='ocrx_word' id='word_1_90' title='bbox 367 1698 397 1749; x_wconf 85' lang='lat' dir='ltr'><strong>et</strong></span> <span class='ocrx_word' id='word_1_91' title='bbox 419 1684 491 1747; x_wconf 75' lang='lat' dir='ltr'><strong>dart</strong></span> <span class='ocrx_word' id='word_1_92' title='bbox 517 1703 610 1746; x_wconf 88' lang='lat' dir='ltr'><strong>manu</strong></span> <span class='ocrx_word' id='word_1_93' title='bbox 632 1704 730 1762; x_wconf 85' lang='lat' dir='ltr'><strong>servo,</strong></span> <span class='ocrx_word' id='word_1_94' title='bbox 753 1685 904 1770; x_wconf 81' lang='lat' dir='ltr'><strong>processit</strong></span> 
     </span>
     <span class='ocr_line' id='line_1_17' title="bbox 69 1766 902 1859; baseline 0.006 -28"><span class='ocrx_word' id='word_1_95' title='bbox 69 1766 192 1831; x_wconf 71' lang='lat' dir='ltr'><strong>obviim</strong></span> <span class='ocrx_word' id='word_1_96' title='bbox 206 1768 281 1832; x_wconf 87' lang='lat' dir='ltr'><strong>filio.</strong></span> <span class='ocrx_word' id='word_1_97' title='bbox 327 1769 493 1834; x_wconf 72' lang='lat' dir='ltr'><strong>Osculatus</strong></span> <span class='ocrx_word' id='word_1_98' title='bbox 507 1784 553 1835; x_wconf 88' lang='lat' dir='ltr'><strong>est</strong></span> <span class='ocrx_word' id='word_1_99' title='bbox 575 1790 656 1859; x_wconf 75' lang='lat' dir='ltr'><strong>cum,</strong></span> <span class='ocrx_word' id='word_1_100' title='bbox 679 1777 902 1856; x_wconf 71' lang='lat' dir='ltr'><strong>caeperuntquc</strong></span> 
     </span>
     <span class='ocr_line' id='line_1_18' title="bbox 72 1853 683 1945; baseline 0 -29"><span class='ocrx_word' id='word_1_101' title='bbox 72 1853 164 1945; x_wconf 73' lang='lat' dir='ltr'><strong>curbo</strong></span> <span class='ocrx_word' id='word_1_102' title='bbox 177 1875 244 1939; x_wconf 82' lang='lat' dir='ltr'><strong>prae</strong></span> <span class='ocrx_word' id='word_1_103' title='bbox 259 1854 375 1935; x_wconf 87' lang='lat' dir='ltr'><strong>gaudio</strong></span> <span class='ocrx_word' id='word_1_104' title='bbox 386 1857 539 1937; x_wconf 76' lang='lat' dir='ltr'><strong>lacrymas</strong></span> <span class='ocrx_word' id='word_1_105' title='bbox 549 1856 683 1919; x_wconf 86' lang='lat' dir='ltr'><strong>sundere.</strong></span> 
     </span>
    </p>
   </div>
   <div class='ocr_carea' id='block_1_5' title="bbox 109 1993 781 2123">
    <p class='ocr_par' dir='ltr' id='par_1_7' title="bbox 109 1993 781 2123">
     <span class='ocr_line' id='line_1_19' title="bbox 109 1993 781 2123; baseline 0.004 -30"><span class='ocrx_word' id='word_1_106' title='bbox 109 2002 113 2007; x_wconf 27' lang='lat'><strong><em>¹</em></strong></span> <span class='ocrx_word' id='word_1_107' title='bbox 196 2034 267 2093; x_wconf 78' lang='lat'>164.</span> <span class='ocrx_word' id='word_1_108' title='bbox 294 1993 471 2114; x_wconf 21' lang='lat' dir='ltr'><strong>llic-father</strong></span> <span class='ocrx_word' id='word_1_109' title='bbox 485 2054 619 2095; x_wconf 82' lang='lat' dir='ltr'><strong>recuccrr</strong></span> <span class='ocrx_word' id='word_1_110' title='bbox 630 2033 676 2095; x_wconf 82' lang='lat' dir='ltr'><strong>lu‘s</strong></span> <span class='ocrx_word' id='word_1_111' title='bbox 690 2035 781 2123; x_wconf 73' lang='lat' dir='ltr'><strong>sight.</strong></span> 
     </span>
    </p>
   </div>
   <div class='ocr_carea' id='block_1_6' title="bbox 73 2208 906 2979">
    <p class='ocr_par' dir='ltr' id='par_1_8' title="bbox 73 2208 906 2721">
     <span class='ocr_line' id='line_1_20' title="bbox 116 2208 905 2294; baseline -0.006 -17"><span class='ocrx_word' id='word_1_112' title='bbox 116 2211 222 2287; x_wconf 86' lang='lat' dir='ltr'><strong>Quum</strong></span> <span class='ocrx_word' id='word_1_113' title='bbox 238 2211 329 2274; x_wconf 83' lang='lat' dir='ltr'><strong>ambo</strong></span> <span class='ocrx_word' id='word_1_114' title='bbox 339 2210 441 2274; x_wconf 86' lang='lat' dir='ltr'><strong>Deum</strong></span> <span class='ocrx_word' id='word_1_115' title='bbox 457 2208 675 2287; x_wconf 84' lang='lat' dir='ltr'><strong>adoravissent,</strong></span> <span class='ocrx_word' id='word_1_116' title='bbox 685 2220 773 2293; x_wconf 79' lang='lat' dir='ltr'><strong>eique</strong></span> <span class='ocrx_word' id='word_1_117' title='bbox 788 2215 905 2294; x_wconf 71' lang='lat' dir='ltr'><strong>gratias</strong></span> 
     </span>
     <span class='ocr_line' id='line_1_21' title="bbox 73 2294 906 2385; baseline 0.005 -24"><span class='ocrx_word' id='word_1_118' title='bbox 73 2301 214 2381; x_wconf 80' lang='lat' dir='ltr'><strong>egissent,</strong></span> <span class='ocrx_word' id='word_1_119' title='bbox 227 2296 439 2360; x_wconf 73' lang='lat' dir='ltr'><strong>consederunt.</strong></span> <span class='ocrx_word' id='word_1_120' title='bbox 469 2294 589 2358; x_wconf 70' lang='lat' dir='ltr'><strong>Deinde</strong></span> <span class='ocrx_word' id='word_1_121' title='bbox 601 2296 720 2360; x_wconf 86' lang='lat' dir='ltr'><strong>Tubias</strong></span> <span class='ocrx_word' id='word_1_122' title='bbox 732 2297 838 2363; x_wconf 88' lang='lat' dir='ltr'><strong>oculos</strong></span> <span class='ocrx_word' id='word_1_123' title='bbox 849 2323 906 2385; x_wconf 86' lang='lat' dir='ltr'><strong>pa-</strong></span> 
     </span>
     <span class='ocr_line' id='line_1_22' title="bbox 75 2381 905 2466; baseline 0.004 -19"><span class='ocrx_word' id='word_1_124' title='bbox 75 2384 129 2447; x_wconf 86' lang='lat' dir='ltr'><strong>tris</strong></span> <span class='ocrx_word' id='word_1_125' title='bbox 147 2383 245 2444; x_wconf 88' lang='lat' dir='ltr'><strong>linivit</strong></span> <span class='ocrx_word' id='word_1_126' title='bbox 270 2381 340 2444; x_wconf 87' lang='lat' dir='ltr'><strong>selle</strong></span> <span class='ocrx_word' id='word_1_127' title='bbox 360 2383 472 2466; x_wconf 87' lang='lat' dir='ltr'><strong>piscis:</strong></span> <span class='ocrx_word' id='word_1_128' title='bbox 495 2394 525 2444; x_wconf 83' lang='lat' dir='ltr'><strong>et</strong></span> <span class='ocrx_word' id='word_1_129' title='bbox 543 2394 612 2465; x_wconf 85' lang='lat' dir='ltr'><strong>post</strong></span> <span class='ocrx_word' id='word_1_130' title='bbox 628 2382 785 2447; x_wconf 84' lang='lat' dir='ltr'><strong>dimidium</strong></span> <span class='ocrx_word' id='word_1_131' title='bbox 809 2384 905 2450; x_wconf 66' lang='lat' dir='ltr'><strong>ferme</strong></span> 
     </span>
     <span class='ocr_line' id='line_1_23' title="bbox 74 2466 906 2550; baseline 0.006 -19"><span class='ocrx_word' id='word_1_132' title='bbox 74 2468 182 2531; x_wconf 82' lang='lat' dir='ltr'><strong>hc&#39;rram</strong></span> <span class='ocrx_word' id='word_1_133' title='bbox 196 2467 290 2550; x_wconf 87' lang='lat' dir='ltr'><strong>coepit</strong></span> <span class='ocrx_word' id='word_1_134' title='bbox 301 2467 427 2549; x_wconf 80' lang='lat' dir='ltr'><strong>albugo,</strong></span> <span class='ocrx_word' id='word_1_135' title='bbox 444 2466 528 2548; x_wconf 84' lang='lat' dir='ltr'><strong>quasi</strong></span> <span class='ocrx_word' id='word_1_136' title='bbox 542 2469 717 2530; x_wconf 66' lang='lat' dir='ltr'><strong>membrana</strong></span> <span class='ocrx_word' id='word_1_137' title='bbox 729 2470 787 2540; x_wconf 79' lang='lat' dir='ltr'><strong>cvi,</strong></span> <span class='ocrx_word' id='word_1_138' title='bbox 804 2491 840 2533; x_wconf 85' lang='lat' dir='ltr'><strong>ex</strong></span> <span class='ocrx_word' id='word_1_139' title='bbox 852 2493 906 2537; x_wconf 91' lang='lat' dir='ltr'><strong>uc·</strong></span> 
     </span>
     <span class='ocr_line' id='line_1_24' title="bbox 74 2551 906 2636; baseline 0.01 -22"><span class='ocrx_word' id='word_1_140' title='bbox 74 2553 133 2615; x_wconf 89' lang='lat' dir='ltr'><strong>ulis</strong></span> <span class='ocrx_word' id='word_1_141' title='bbox 149 2555 218 2636; x_wconf 75' lang='lat' dir='ltr'><strong>ejus</strong></span> <span class='ocrx_word' id='word_1_142' title='bbox 229 2551 345 2633; x_wconf 77' lang='lat' dir='ltr'><strong>egredi,</strong></span> <span class='ocrx_word' id='word_1_143' title='bbox 356 2573 446 2632; x_wconf 85' lang='lat' dir='ltr'><strong>quam</strong></span> <span class='ocrx_word' id='word_1_144' title='bbox 459 2553 676 2635; x_wconf 86' lang='lat' dir='ltr'><strong>apprehensam</strong></span> <span class='ocrx_word' id='word_1_145' title='bbox 692 2553 771 2617; x_wconf 87' lang='lat' dir='ltr'><strong>filius</strong></span> <span class='ocrx_word' id='word_1_146' title='bbox 785 2569 906 2622; x_wconf 82' lang='lat' dir='ltr'><strong>extrux-</strong></span> 
     </span>
     <span class='ocr_line' id='line_1_25' title="bbox 74 2635 664 2721; baseline 0.003 -23"><span class='ocrx_word' id='word_1_147' title='bbox 74 2636 120 2699; x_wconf 86' lang='lat' dir='ltr'><strong>it:</strong></span> <span class='ocrx_word' id='word_1_148' title='bbox 143 2651 234 2721; x_wconf 88' lang='lat' dir='ltr'><strong>atque</strong></span> <span class='ocrx_word' id='word_1_149' title='bbox 249 2635 300 2697; x_wconf 90' lang='lat' dir='ltr'><strong>ille</strong></span> <span class='ocrx_word' id='word_1_150' title='bbox 315 2637 414 2698; x_wconf 87' lang='lat' dir='ltr'><strong>statim</strong></span> <span class='ocrx_word' id='word_1_151' title='bbox 426 2648 525 2701; x_wconf 74' lang='lat' dir='ltr'><strong>visum</strong></span> <span class='ocrx_word' id='word_1_152' title='bbox 541 2638 664 2721; x_wconf 78' lang='lat' dir='ltr'><strong>recepit.</strong></span> 
     </span>
    </p>

    <p class='ocr_par' dir='ltr' id='par_1_9' title="bbox 73 2720 905 2979">
     <span class='ocr_line' id='line_1_26' title="bbox 116 2720 903 2811; baseline 0.01 -29"><span class='ocrx_word' id='word_1_153' title='bbox 116 2721 211 2785; x_wconf 87' lang='lat' dir='ltr'><strong>Tunc</strong></span> <span class='ocrx_word' id='word_1_154' title='bbox 233 2720 295 2783; x_wconf 84' lang='lat' dir='ltr'><strong>lueti</strong></span> <span class='ocrx_word' id='word_1_155' title='bbox 321 2741 426 2783; x_wconf 86' lang='lat' dir='ltr'><strong>omnes</strong></span> <span class='ocrx_word' id='word_1_156' title='bbox 447 2721 663 2785; x_wconf 78' lang='lat' dir='ltr'><strong>collaudabant</strong></span> <span class='ocrx_word' id='word_1_157' title='bbox 686 2723 810 2803; x_wconf 84' lang='lat' dir='ltr'><strong>Deum3</strong></span> <span class='ocrx_word' id='word_1_158' title='bbox 831 2747 903 2811; x_wconf 88' lang='lat' dir='ltr'><strong>pro·</strong></span> 
     </span>
     <span class='ocr_line' id='line_1_27' title="bbox 73 2800 905 2890; baseline 0.014 -26"><span class='ocrx_word' id='word_1_159' title='bbox 73 2800 181 2887; x_wconf 86' lang='lat' dir='ltr'><strong>pinqui</strong></span> <span class='ocrx_word' id='word_1_160' title='bbox 199 2825 320 2887; x_wconf 87' lang='lat' dir='ltr'><strong>qunque</strong></span> <span class='ocrx_word' id='word_1_161' title='bbox 331 2805 445 2869; x_wconf 87' lang='lat' dir='ltr'><strong>Tobiae</strong></span> <span class='ocrx_word' id='word_1_162' title='bbox 456 2819 662 2870; x_wconf 75' lang='lat' dir='ltr'><strong>convenerunt</strong></span> <span class='ocrx_word' id='word_1_163' title='bbox 673 2808 860 2890; x_wconf 75' lang='lat' dir='ltr'><strong>gratulantes</strong></span> <span class='ocrx_word' id='word_1_164' title='bbox 874 2813 905 2878; x_wconf 86' lang='lat' dir='ltr'><strong>ei</strong></span> 
     </span>
     <span class='ocr_line' id='line_1_28' title="bbox 75 2889 719 2979; baseline 0.014 -29"><span class='ocrx_word' id='word_1_165' title='bbox 75 2889 355 2975; x_wconf 81' lang='lat' dir='ltr'><strong>omniabonuquae</strong></span> <span class='ocrx_word' id='word_1_166' title='bbox 365 2890 499 2956; x_wconf 88' lang='lat' dir='ltr'><strong>Deusill</strong></span> <span class='ocrx_word' id='word_1_167' title='bbox 523 2891 719 2979; x_wconf 77' lang='lat' dir='ltr'><strong>impertierat.</strong></span> 
     </span>
    </p>
   </div>
   <div class='ocr_carea' id='block_1_7' title="bbox 0 0 979 3284">
    <p class='ocr_par' dir='ltr' id='par_1_10' title="bbox 0 0 979 3284">
     <span class='ocr_line' id='line_1_29' title="bbox 0 0 979 3284; baseline 0 0"><span class='ocrx_word' id='word_1_168' title='bbox 0 0 979 3284; x_wconf 95' lang='lat' dir='ltr'><strong> </strong></span> 
     </span>
    </p>
   </div>
  </div>
 </body>
</html>
