1914 3284
493 74 534 135 56

71 253 193 324 meent,
208 255 239 306 et
247 237 354 324 viginti
369 237 432 300 ferd
448 235 613 301 Philistaeis
623 231 821 322 interemptis3
831 239 898 305 nni·

70 349 193 393 versum
207 324 370 390 exercitum
385 327 500 387 terrore
514 320 656 409 perculit.
931 336 933 342 ’

113 415 221 495 ltaque
236 408 387 473 Philistaei
407 409 574 493 perturbisti
588 419 748 490 coepernnt
760 428 822 472 non
833 412 847 496 j
934 471 936 485 Ι

71 500 192 563 ordines
204 508 333 573 servare,
345 516 406 559 non
422 495 550 580 imperia
564 492 682 578 exequi,
697 493 751 556 sed
766 493 851 578 fugae
866 520 902 564 ne
938 554 940 571 ,

70 581 267 648 committere.

112 666 206 741 Quod
231 664 284 728 nbi
310 665 386 730 satit
413 666 633 744 animadvertit,
660 662 765 748 copias
790 666 899 732 castris

68 753 182 828 eduxit,
180 765 227 899 uf:
247 750 395 833 fugientes
409 763 595 837 persecutus,
610 751 760 832 insignem
773 750 899 816 victori·

68 859 119 902 am
133 848 178 900 ret
212 836 244 900 't.

69 1011 140 1071 113.
164 1007 239 1070 Saul
252 1007 354 1069 wishes
367 1019 395 1070 to
405 1020 463 1094 put
474 1011 520 1072 tos
532 1030 586 1072 non
596 1005 749 1070 Jo'natdan
758 977 898 1080 tndeotit.

111 1175 198 1256 Sniil,
214 1177 287 1240 dum
299 1193 538 1263 persequeretur
562 1177 749 1257 Philistaens,
764 1179 900 1247 edixerat

67 1263 189 1347 nequis
207 1264 265 1328 nisi
288 1267 434 1330 confectis
461 1266 609 1343 hostibus,
631 1265 733 1327 cibum
757 1280 896 1345 sumeret,

67 1366 196 1419 mortem
220 1371 290 1414 cum
303 1354 479 1436 juramento
503 1351 632 1414 minatus
657 1349 701 1411 illi
721 1348 775 1432 qui
789 1363 898 1416 contra

66 1438 199 1501 edictum
215 1437 343 1502 fecisset.
431 1501 432 1505 ,

106 1521 256 1602 Jonathas
267 1535 338 1585 tunc
350 1524 464 1598 aberat,
473 1541 530 1582 nec
541 1517 624 1600 regis
635 1516 795 1602 imperium
808 1524 898 1587 nudi·

64 1619 140 1670 erat.
327 1646 328 1649 =

107 1687 229 1754 Accidit
239 1703 272 1752 nt
286 1691 434 1754 exercitus
449 1690 603 1771 trajiceret
611 1687 718 1753 silvam
734 1691 766 1754 in
778 1693 896 1775 quies·

65 1787 110 1840 set
145 1773 288 1837 lurimdm
303 1777 400 1840 mellis
412 1776 570 1839 silvestris.
885 1820 887 1824 Α
908 1831 910 1835 .

128 1860 256 1924 onathas
275 1863 366 1926 edicti
390 1862 509 1947 paterni
532 1860 662 1940 nescius,
684 1864 818 1930 extendit
832 1866 896 1932 vit·

65 1968 147 2030 gam,
161 1967 253 2030 qnam
266 1969 356 2011 mann
372 1950 505 2026 tenebat,
516 1968 644 2030 enmque
663 1948 693 2009 in
709 1948 769 2010 mel
785 1950 896 2016 intinc-
919 1994 921 1999 ·

64 2036 183 2096 tamdti
197 2033 339 2099 admovit.
539 2041 541 2046 '

107 2119 144 2182 ld
156 2121 208 2184 uhi
220 2141 271 2183 rex
283 2117 436 2202 cognovit,
447 2117 543 2180 filium
560 2131 657 2181 morte
667 2114 759 2202 plecti
774 2119 893 2187 voluit:

65 2205 118 2267 sed
133 2227 236 2269 recens
245 2205 383 2268 metitum
397 2203 684 2288 pericnlnjnvenem
694 2206 807 2268 exemit
817 2229 825 2270 ε
835 2229 893 2273 nec

63 2293 197 2373 populus
212 2293 280 2356 tulit
293 2293 440 2356 insontem
456 2291 496 2354 ad
507 2290 689 2376 supplicium
704 2292 795 2354 trahi.

67 2464 139 2525 114.
168 2461 243 2526 Saul
266 2457 398 2541 disobeys
418 2483 437 2523 o
459 2459 567 2524 second
590 2462 657 2523 time
668 2481 682 2540 ‚⁰
706 2462 733 2524 is
754 2463 891 2548 rejected,

221 2543 283 2608 ond
296 2541 403 2606 David
415 2546 441 2604 is
456 2543 643 2608 consecrated
654 2545 739 2628 king.

107 2709 183 2777 Snnl
192 2708 440 2803 posteffijnbente
450 2711 889 2795 Deo,bellumAmalec1ttsin·

201 3026 213 3057 l
