1914 3284
473 129 513 195 68

74 309 200 374 adstire
223 305 304 368 visus
322 296 389 380 ἕεις
418 298 561 382 deditque
584 297 737 382 optionem
766 290 896 381 eligendi

74 388 220 479 quidquid
230 385 330 449 vellet.
638 412 640 419 ·

117 475 264 543 Salomon
273 490 336 533 non
344 469 427 535 aliud
439 468 495 531 sibi
509 469 576 532 dari
586 468 736 552 poposcit,
748 466 841 549 quim
852 489 900 532 st·

74 558 227 649 pientiam,
239 555 357 637 reliqua
368 554 471 625 omnia
484 554 571 636 parvi
583 554 746 617 aestimans.
782 554 784 561 '

98 666 100 672 ·
113 643 194 718 Quae
212 662 260 704 res
275 641 317 702 ita
337 641 409 705 Deo
424 639 550 724 placuit,
565 653 599 702 ut
614 639 657 701 illi
677 639 746 722 plus
761 638 902 705 tribuerit

74 728 167 814 qnbm
191 733 316 809 rogitus
337 727 456 804 suerat3
478 746 548 787 nam
575 724 732 787 Salomoni
758 723 902 787 eximiam

73 815 252 899 sapientiam
268 811 452 896 impertivit3
473 825 504 872 et
518 811 638 894 insuper
652 811 773 874 divitias
786 820 817 869 et
830 809 901 891 glo-

71 895 603 982 rianaquasnonpetierotaddidit.

75 1072 146 1132 138.
170 1050 201 1132 A
213 1033 334 1151 difficolt
349 1065 441 1149 affair
454 1068 480 1126 ir
496 1066 621 1146 brought
633 1075 662 1127 to
673 1064 837 1136 Solomon’s
849 1068 902 1129 Μ’·

370 1205 372 1208 ,
435 1148 543 1222 bauai„

114 1320 189 1389 Non
203 1317 299 1385 multb
313 1320 381 1405 post
396 1317 544 1383 Salomon
558 1339 712 1384 concessae
724 1321 782 1384 sibi
797 1319 815 1382 a
828 1320 900 1386 Deo
915 1372 918 1377 .

78 1427 112 1471 sa
135 1410 237 1472 ientiae
254 1408 403 1488 specimen
417 1406 521 1466 edidit.

149 1516 197 1555 uae
213 1491 353 1554 mulieres
368 1491 404 1560 in¹
416 1488 521 1552 eadem
538 1490 629 1550 domo
645 1489 844 1554 habitabant:
865 1513 901 1556 u·

72 1588 180 1655 traque
191 1578 297 1637 eodem
309 1588 444 1655 tempore
456 1575 573 1657 peperit
583 1594 723 1656 puerum.
766 1577 855 1640 Unus
864 1599 901 1642 ex

72 1658 119 1721 his
133 1660 266 1743 puerulis
281 1671 350 1739 post
364 1658 443 1719 diem
452 1660 571 1721 tertium
588 1675 677 1724 nocte
689 1675 827 1726 mortuns
837 1676 900 1726 est:

72 1748 168 1807 miter
180 1741 339 1825 subripuit
346 1763 475 1824 puerum
492 1745 613 1808 alterius
639 1746 772 1810 mulieris
787 1749 902 1811 dormi·

73 1829 158 1906 entis,
174 1843 205 1901 et
215 1830 305 1912 hnjus
316 1828 386 1892 loco
401 1830 499 1896 filium
514 1851 602 1895 suum
618 1846 770 1897 mortuum
787 1854 918 1918 suppo·z

73 1913 144 1979 suit.

115 1999 199 2064 ont*
207 1999 288 2062 inter.
296 2000 372 2062 duas
383 1999 523 2063 mulieres
534 2001 622 2082 gravi
633 2001 839 2080 altercatione,
851 2022 900 2066 res
912 1972 917 1985 .

72 2087 116 2151 ad
130 2085 325 2151 Salomonem
336 2085 437 2148 delata
450 2098 505 2148 est.
599 2159 606 2183 f

225 2259 297 2320 139.
323 2255 382 2318 tte
389 2244 549 2341 jadgmettt
564 2255 602 2340 of
610 2255 758 2322 solomon.

117 2422 260 2489 Difficilis
274 2439 340 2488 erat
363 2441 454 2510 atque
474 2427 661 2511 perobscnra
675 2429 814 2510 quaestio,
829 2430 900 2500 oiim

75 2508 176 2572 nullus
191 2523 268 2572 esset
281 2509 374 2572 testis.

119 2592 189 2655 Rex
203 2607 314 2670 antem,
329 2605 364 2654 ut
376 2594 549 2676 exploraret
561 2596 704 2660 latentem
721 2600 876 2666 veritatem
890 2623 899 2666 s

74 2671 251 2752 Dividitur,
266 2678 373 2760 inquit,
381 2701 459 2761 puer
469 2679 504 2740 de
518 2703 573 2764 quo
583 2687 780 2746 controversia
796 2697 836 2748 est
844 2708 860 2768 ,⁰
872 2696 900 2750 et

65 2777 146 2847 port
161 2769 223 2823 aas
234 2763 288 2825 tini
301 2763 419 2832 mulieri
443 2763 541 2828 alters
551 2764 640 2837 alteri
653 2765 749 2833 detur.

949 528 953 569 i
