1914 3284
475 39 515 92 41

80 252 83 262 ,
113 199 232 276 Quare*
246 197 405 264 abscondit
426 218 497 260 enm
519 200 615 263 tribus
641 201 815 266 mensibus:
847 205 901 270 sed

73 286 166 367 qubm
181 305 243 348 non
261 297 363 370 posset
377 304 448 348 eum
464 285 575 350 diutius
589 285 752 365 occultare,
776 290 903 372 sumpsit

71 370 219 434 fiscellam
230 372 389 456 scirpeam,
401 391 494 454 quam
505 369 604 434 linivit
616 372 763 435 bitumine
774 373 900 457 aspice.

116 456 235 520 Deinde
243 457 347 542 posuit
355 457 435 520 intus
444 457 635 534 infantulum,
644 457 822 543 etexposuit
832 476 903 522 eum

70 555 150 604 mter
160 543 322 606 arundines
334 552 410 625 ripae
426 541 567 605 fluminis.

115 625 261 691 Habebat
276 641 380 690 secum
397 637 487 690 tinam
504 628 645 691 comitem
660 641 792 692 sordrenr
803 626 900 714 pueri,

70 733 161 795 quam
171 715 265 797 jussit
280 719 360 776 stine
374 715 494 798 procul,
507 727 541 776 ut
551 729 691 778 eventum
702 710 745 778 rei
761 715 901 800 explora·

26 835 29 843 ·
69 812 114 862 ret
816 807 818 813 ’

68 972 121 1033 83.
137 967 197 1033 Tus
208 969 403 1055 daughteros
418 970 720 1056 Pharaolrpreserver
731 968 901 1054 tbrinfunt.

112 1139 191 1202 Mox
200 1138 264 1200 filia
272 1139 441 1202 Pharaonis
452 1142 535 1204 venit
547 1140 587 1203 ad
598 1141 729 1219 flumen3
750 1151 784 1203 ut
797 1138 901 1205 ablue·

66 1236 114 1289 ret
137 1243 261 1306 corpus.
304 1223 466 1306 Prospexit
479 1225 625 1288 fiscellam
646 1228 679 1288 in
701 1225 900 1288 arundinibus

66 1311 246 1386 haerentem,
261 1309 402 1390 misitque
417 1308 489 1371 illim
500 1318 593 1370 unam
608 1309 626 1371 'e
641 1309 811 1371 famulabus
826 1310 899 1372 suis.

109 1394 227 1478 Aperui
247 1393 364 1457 fiscellis
385 1414 511 1458 cernens
533 1393 695 1475 parvulum
716 1393 900 1473 vagientem,

66 1483 190 1547 miserta
205 1492 250 1544 est
259 1478 340 1542 illius
353 1501 362 1542 z
384 1479 441 1541 Iste
454 1489 506 1556 est,
518 1477 627 1559 inquit,
637 1488 713 1542 unus
725 1497 760 1537 es
775 1475 901 1560 insumi·

66 1568 120 1631 bus
136 1565 336 1628 Hebrredrum.

110 1652 202 1717 Tunc
211 1669 297 1714 soror
307 1650 394 1733 pueri
404 1649 572 1714 accedens:
592 1645 899 1727 Wrne,ait‚utsrces·

66 1759 133 1801 sam
147 1737 299 1799 mulierem
321 1736 487 1813 Hebraeum,
502 1755 564 1819 quoe
577 1733 691 1796 nutriat
707 1730 899 1818 parvuinus?

67 1836 98 1886 et
112 1822 233 1885 vocavit
248 1833 385 1884 matrem.

111 1907 174 1972 cui
197 1905 261 1970 filia
287 1904 456 1969 Pharaonis
479 1921 607 1988 puerum
633 1900 896 1982 alendum-dedit,

67 1993 217 2080 promissi
231 1992 383 2055 mercede·

109 2080 215 2160 ltaque
229 2091 324 2141 mater
339 2075 464 2139 nutrivit
477 2094 616 2160 puerum,
627 2084 658 2136 et
673 2072 811 2137 adultum
825 2070 896 2133 red·

67 2164 146 2228 didit
157 2163 229 2227 fiiiae
241 2162 423 2239 Pharadnis
438 2159 605 2244 quasillum
620 2158 778 2242 adoptavit
792 2167 824 2218 et
837 2173 895 2217 no·
921 2174 924 2179 ·

67 2249 192 2314 minavit
206 2247 337 2325 Mosem,
352 2247 384 2308 id
398 2259 454 2325 est,
470 2258 621 2309 servatum
633 2245 673 2305 ab
688 2239 787 2322 aquis.

66 2423 120 2484 84.
135 2416 233 2481 Moses
243 2411 421 2479 undertakes
431 2412 478 2476 tbe
488 2410 672 2474 delirorum
681 2407 720 2490 of
726 2405 773 2473 bis
778 2405 889 2492 μωρία.

111 2585 213 2653 Muses
227 2586 295 2667 Jam
316 2603 416 2685 senen,
432 2581 561 2683 jubente
572 2577 652 2679 Deq,
668 2576 744 2642 adiit
755 2573 894 2679 anrss-

68 2694 157 2831 133}
157 2678 255 2822 oeeiotgm
272 2681 422 2758 praeceprt
444 2687 566 2820 ngrgrne
584 2664 655 2744 Der,
676 2676 712 2727 ut
733 2661 896 2732 mmrtmet
